<?xml version="1.0" encoding="UTF-8"?><collection xmlns="http://www.loc.gov/MARC21/slim"><record><leader>00459nam--2200181-i-4500</leader><controlfield tag="001">000024449</controlfield><controlfield tag="002">20161230</controlfield><controlfield tag="005">20161230201035</controlfield><controlfield tag="008">060222s1000------------r-----000-0-eng-d</controlfield><datafield ind1=" " ind2=" " tag="040"><subfield code="a">IFIN-HH</subfield></datafield><datafield ind1=" " ind2=" " tag="080"><subfield code="a">681.3.06</subfield></datafield><datafield ind1="1" ind2=" " tag="100"><subfield code="a">Harris, R.W</subfield></datafield><datafield ind1="1" ind2="0" tag="245"><subfield code="a">Introduction to noise analyse</subfield><subfield code="c">R.w. harris, t.j. lewidge</subfield></datafield><datafield ind1=" " ind2=" " tag="260"><subfield code="a">London, Pion Limited, 1974</subfield></datafield><datafield ind1=" " ind2=" " tag="300"><subfield code="a">102 P</subfield></datafield><datafield ind1="1" ind2=" " tag="700"><subfield code="a">Ledwidge, T.J</subfield></datafield><datafield ind1=" " ind2=" " tag="852"><subfield code="a">77223</subfield><subfield code="c">534</subfield></datafield><datafield ind1=" " ind2=" " tag="CAT"><subfield code="a">Sys</subfield><subfield code="c">20101013</subfield><subfield code="h">130639</subfield></datafield></record></collection>